<?xml version="1.0" encoding="UTF-8"?><collection><record><leader>07807ntm a2200577 a 4500</leader><controlfield tag="001">005989439</controlfield><controlfield tag="003">MiAaHDL</controlfield><controlfield tag="005">20190719000000.0</controlfield><controlfield tag="006">m        d        </controlfield><controlfield tag="007">cr bn ---auaua</controlfield><controlfield tag="008">090407s17uu    tu            00| ||ara d</controlfield><datafield tag="035" ind1=" " ind2=" "><subfield code="a">(MiU)005989439</subfield></datafield><datafield tag="035" ind1=" " ind2=" "><subfield code="a">sdr-miu005989439</subfield></datafield><datafield tag="040" ind1=" " ind2=" "><subfield code="a">MiU</subfield><subfield code="c">MiU</subfield><subfield code="e">amremm</subfield></datafield><datafield tag="043" ind1=" " ind2=" "><subfield code="a">n-us-mi</subfield></datafield><datafield tag="100" ind1="0" ind2=" "><subfield code="6">880-01</subfield><subfield code="a">Muḥammad al-Nābulusī al-Maqdisī,</subfield><subfield code="d">fl.1734.</subfield></datafield><datafield tag="240" ind1="1" ind2="0"><subfield code="6">880-02</subfield><subfield code="a">Kāshif li-adʻiyat al-nabī al-akram fī sharḥ al-Ḥizb al-aʻẓam</subfield></datafield><datafield tag="245" ind1="1" ind2="3"><subfield code="6">880-03</subfield><subfield code="a">al-Kāshifah li-adʻiyat al-Nabī al-akram fī sharḥ al-Ḥizb al-aʻẓam,</subfield><subfield code="f">[late 18th century?].</subfield></datafield><datafield tag="246" ind1="3" ind2=" "><subfield code="i">Edge title:</subfield><subfield code="a">شرح حزب اعظم</subfield></datafield><datafield tag="260" ind1=" " ind2=" "><subfield code="a">[Amasya?,</subfield><subfield code="c">17--?]</subfield></datafield><datafield tag="300" ind1=" " ind2=" "><subfield code="a">99 leaves :</subfield><subfield code="b">paper ;</subfield><subfield code="c">210 x 155 (165 x 93) mm.</subfield></datafield><datafield tag="500" ind1=" " ind2=" "><subfield code="a">Shelfmark: Ann Arbor, University of Michigan, Special Collections Library, Isl. Ms. 53</subfield></datafield><datafield tag="500" ind1=" " ind2=" "><subfield code="a">Origin: As appears in colophon on fol.97a (p.203), copied by Aḥmad al-Najīb, muftī in Amasya. Date of transcription not specified. Author, Muḥammad al-Nābulusī al-Maqdisī al-Rifāʻī, provides the date he completed the composition 6 Rajab 1147 [ca. 2 December 1734] in authorial colophon on fol.97a (p.203).</subfield></datafield><datafield tag="500" ind1=" " ind2=" "><subfield code="a">Accompanying materials: Several small inserted slips carrying brief comments on text (paginated pp.85-86, pp.89-90, pp.93-94, pp.97-98, and pp.105-106) -- leaf from another ms. slipped in just before final leaf (paginated pp.207-208).</subfield></datafield><datafield tag="500" ind1=" " ind2=" "><subfield code="a">Former shelfmark: British Museum, London "No. 10. Commentary on al-Hizb al-azam." ; on tail of textblock "٣٠٠".</subfield></datafield><datafield tag="500" ind1=" " ind2=" "><subfield code="a">Binding: Pasteboards covered in black leather ; Type II binding (with flap) ; board linings in pink-tinted laid paper ; fore-edge flap lined in marbled paper ; upper and lower covers bear central mandorla (gold to green painted paper) with gold-painted accents and border ; sewn in dark blue or black thread, two stations ; chevron endbands in yellow and pink ; in fair condition with minor abrasion and staining ; some negative draw in upper cover and envelope flap.</subfield></datafield><datafield tag="500" ind1=" " ind2=" "><subfield code="a">Support: European laid paper with 11 laid lines per cm. (vertical) and chain lines spaced 25 mm. apart (horizontal) ; watermark of scrollwork with diamond flanked by flourishes with six-pointed star below (compare Heawood 3728 with six-pointed star in place of cross) ; staining, smudges, creasing, etc.</subfield></datafield><datafield tag="500" ind1=" " ind2=" "><subfield code="a">Decoration: Section headings and keywords rubricated ; overlining and textual dividers in red ; red rule-border surrounds written area throughout ; well of headpiece outlined in red rules on incipit page, with basmalah set off in rectangular piece.</subfield></datafield><datafield tag="500" ind1=" " ind2=" "><subfield code="a">Script: Naskh ; fine Ottoman hand ; effect of tilt to the left ; occasional slight effect of words descending to baseline ; rounded ; many open counters ; the lām alif al-warrāqīyah and kāf mabsūṭah preferred ; point of final nūn assimilated with bowl.</subfield></datafield><datafield tag="500" ind1=" " ind2=" "><subfield code="a">Layout: Written in 25 lines per page ; frame-ruled.</subfield></datafield><datafield tag="500" ind1=" " ind2=" "><subfield code="a">Collation: 9 V(90), IV+1 (99) ; chiefly quinions ; final two leaves left blank ; catchwords lacking ; pagination in pencil, Western numerals, supplied during digitization (includes inserts).</subfield></datafield><datafield tag="500" ind1=" " ind2=" "><subfield code="a">Colophon: "Authorial," rectangular, reads: "وكان الفراغ من هذا الكتار المبارك ليلة الاربعاء سادس يوم شهر رجب الفرد من شهور سنة الف ومائة وسبعة واربعين من الهجرة النبوية على صاحبها افضل الصلوة واتم التحية على يد كاتبها ومؤلفها افقر العباد الى الله سبحانه عز شانه جل ثناؤه محمد النابلسي بلدا المقدسي اقليما الرفاعي طريقة ..." ; "Scribal," rectangular, reads: "تمت كتابة شرح الحزب الاعظم على يد حافظ احمد النجيب المفتي باماسية"</subfield></datafield><datafield tag="500" ind1=" " ind2=" "><subfield code="a">Explicit: "حمدا دائما بدوام الله باقيا ببقاء الله لا منتهى له دون علم الله والصلوة والسلام على فاتح الفواتح وخاتم الختام ... وحسبنا الله ونعم الوكيل ولا حول ولا قوة الا بالله العلي العظيم اللهم واذا اردت بالناس فتنة فاقبضنا اليك غير مفتونين يا ارحم الراحمين"</subfield></datafield><datafield tag="500" ind1=" " ind2=" "><subfield code="a">Incipit: "وصلى الله وسلم على الحبيب الكريم الحمد لله المذكور بكل لسان الهادي لهذه الامة المحمدية بمن تنورت من نور الاكوان ... وبعد فان الاشتغال بالذكر من فضل الطاعات واولى ما انفقت فيه نفائس الاوقات ... وقد كثرت الاحاديث الصحيح على ملازمته في المساء والصباح وافضله ما وردت فيه الاخبار ونقلته وحزبته الائمة اولوا الفضل والفلاح فمن ذلك حزب الامام ... الحزب الاعظم المضاف للنبي الاكرم لمنلا علي القاري افاض الله على قبره سحائب الرضوان ... فقد حوى من الادعية النبوية ما لا يحتوي غيره وقد احضره من انتمى الي لاخذ العلم واخبرني ان ليس له شرح فيما علم الشيخ ... خليل بن مصطفى من دياربكر ... فلما سألني ذلك رأيت اني لست اهلا لذلك ثم استخرت الله تعالى لمحبتي لهذه الادعية النفيسة فرأيت ان هذا شرح يتم ... ولما اكملته سميته الكاشفة لادعية النبي الاكرم في شرح الحزب الاعظم والدعاء الافخم ..."</subfield></datafield><datafield tag="500" ind1=" " ind2=" "><subfield code="a">Title from opening on fol.2a (p.3).</subfield></datafield><datafield tag="500" ind1=" " ind2=" "><subfield code="a">Ms. codex.</subfield></datafield><datafield tag="510" ind1="4" ind2=" "><subfield code="a">Brockelmann, C. GAL,</subfield><subfield code="c">II 396</subfield></datafield><datafield tag="520" ind1="8" ind2=" "><subfield code="a">Fine copy of Muḥammad al-Nābulusī al-Maqdisī al-Rifāʻī's commentary on al-Ḥizb al-aʻẓam, prayers compiled by al-Qārī al-Harawī.</subfield></datafield><datafield tag="538" ind1=" " ind2=" "><subfield code="a">Mode of access: Internet.</subfield></datafield><datafield tag="541" ind1=" " ind2=" "><subfield code="c">Purchase ;</subfield><subfield code="a">Acquired by purchase along with Abdul Hamid Collection (funds donated by Horace Rackham).</subfield><subfield code="d">1924.</subfield></datafield><datafield tag="546" ind1=" " ind2=" "><subfield code="a">Arabic.</subfield></datafield><datafield tag="561" ind1=" " ind2=" "><subfield code="a">Bookplate of British Museum, London on upper cover, "British Museum, London. No. 10. Commentary on al-Hizb al-azam." ; circular seal impression with figure of goat/gazelle in purple ink as well as inscription "388" in Western numerals on fol.1a (p.1) ; circular waqf-seal impression in black ink appears on fol.1a (p.1) and several places throughout, reads: "هذا وقف الراجي فيض الصمدي الشيخ احمد ضيا الدين ابن مصطفى الخالدي فمن بدله بعد ما سمعه فانما اثمه على الذين يبدلونه" in name of Aḥmad Ḍiyāʼ al-Dīn ibn Muṣṭafá al-Khālidī (i.e. Ahmed Ziyâüddîn Gümüşhanevî, d. 1893 or 4) ; numerous glosses (many from Fayḍ al-arḥam) and marginal corrections.</subfield></datafield><datafield tag="600" ind1="1" ind2="0"><subfield code="a">Qārī al-Harawī, ʻAlī ibn Sulṭān Muḥammad,</subfield><subfield code="d">-1605 or 1606.</subfield><subfield code="t">Ḥizb al-aʻẓam.</subfield></datafield><datafield tag="650" ind1=" " ind2="0"><subfield code="a">Manuscripts, Arabic</subfield><subfield code="z">Michigan</subfield><subfield code="z">Ann Arbor.</subfield></datafield><datafield tag="650" ind1=" " ind2="0"><subfield code="a">Islam</subfield><subfield code="v">Prayers and devotions</subfield><subfield code="v">Early works to 1800.</subfield></datafield><datafield tag="700" ind1="0" ind2=" "><subfield code="6">880-05</subfield><subfield code="a">Aḥmad al-Najīb,</subfield><subfield code="e">scribe.</subfield></datafield><datafield tag="773" ind1="0" ind2=" "><subfield code="a">Tiflis Collection.</subfield></datafield><datafield tag="880" ind1="0" ind2=" "><subfield code="6">700-05/</subfield><subfield code="a">احمد النجيب،</subfield><subfield code="e">ناسخ.</subfield></datafield><datafield tag="880" ind1="1" ind2="2"><subfield code="6">245-03/</subfield><subfield code="a">الكاشفة لادعية النبي الاكرم في شرح الحزب الاعظم,</subfield><subfield code="f">[اواخر القرن 18م؟].</subfield></datafield><datafield tag="880" ind1="1" ind2="0"><subfield code="6">240-02/</subfield><subfield code="a">كاشف لادعية النبي الاكرم في شرح الحزب الاعظم</subfield></datafield><datafield tag="880" ind1="0" ind2=" "><subfield code="6">100-01/</subfield><subfield code="a">محمد النابلسي المقدسي.</subfield></datafield><datafield tag="CID" ind1=" " ind2=" "><subfield code="a">005989439</subfield></datafield><datafield tag="DAT" ind1="0" ind2=" "><subfield code="a">20190719102634.0</subfield><subfield code="b">20190719000000.0</subfield></datafield><datafield tag="DAT" ind1="1" ind2=" "><subfield code="a">20190719090653.0</subfield><subfield code="b">2019-07-19T16:10:58Z</subfield></datafield><datafield tag="DAT" ind1="2" ind2=" "><subfield code="a">2015-10-10T18:00:06Z</subfield></datafield><datafield tag="CAT" ind1=" " ind2=" "><subfield code="a">SDR-MIU</subfield><subfield code="d">EX LIBRIS - ALEPH</subfield><subfield code="l">prepare.pl-004-008</subfield></datafield><datafield tag="FMT" ind1=" " ind2=" "><subfield code="a">BK</subfield></datafield><datafield tag="HOL" ind1=" " ind2=" "><subfield code="0">sdr-miu005989439</subfield><subfield code="a">MiU</subfield><subfield code="b">SDR</subfield><subfield code="c">MIU</subfield><subfield code="p">mdp.39015079105436</subfield><subfield code="s">MIU</subfield><subfield code="1">005989439</subfield></datafield><datafield tag="974" ind1=" " ind2=" "><subfield code="b">MIU</subfield><subfield code="c">MIU</subfield><subfield code="d">20190719</subfield><subfield code="s">lit-dlps-dc</subfield><subfield code="u">mdp.39015079105436</subfield><subfield code="y">1799</subfield><subfield code="r">pd</subfield><subfield code="q">bib</subfield><subfield code="t">non-US bib date1 &lt; 1896</subfield></datafield></record></collection>